<?xml version="1.0" encoding="UTF-8"?>
<Document xmlns="urn:iso:std:iso:20022:tech:xsd:camt.053.001.08" xmlns:xsi="http://www.w3.org/2001/XMLSchema-instance" xsi:schemaLocation="urn:iso:std:iso:20022:tech:xsd:camt.053.001.08 camt.053.001.08.xsd"><BkToCstmrStmt><GrpHdr><MsgId>3570559AGHF124820247490</MsgId><CreDtTm>2026-07-08T19:00:00.000Z</CreDtTm><MsgPgntn><PgNb>1</PgNb><LastPgInd>true</LastPgInd></MsgPgntn><AddtlInf>SPS/2.0/TEST</AddtlInf></GrpHdr><Stmt><Id>3570559AGHF124820247490</Id><ElctrncSeqNb>189</ElctrncSeqNb><CreDtTm>2026-07-08T19:00:00.000Z</CreDtTm><FrToDt><FrDtTm>2026-07-08T00:00:00</FrDtTm><ToDtTm>2026-07-08T19:15:00</ToDtTm></FrToDt><Acct><Id><IBAN>CH4200000000000000000</IBAN></Id><Ownr><Nm>Privatperson</Nm><PstlAdr><StrtNm>Teststrasse</StrtNm><BldgNb>17</BldgNb><PstCd>8000</PstCd><TwnNm>Teststadt</TwnNm><Ctry>CH</Ctry></PstlAdr></Ownr><Svcr><FinInstnId><BICFI>ZKBKCHZZ80A</BICFI><Othr><Id>CHE-000.000.000</Id><Issr>VAT-ID</Issr></Othr></FinInstnId></Svcr></Acct><Bal><Tp><CdOrPrtry><Cd>OPBD</Cd></CdOrPrtry></Tp><Amt Ccy="CHF">500000</Amt><CdtDbtInd>CRDT</CdtDbtInd><Dt><Dt>2026-07-08</Dt></Dt></Bal><Bal><Tp><CdOrPrtry><Cd>CLBD</Cd></CdOrPrtry></Tp><Amt Ccy="CHF">507339</Amt><CdtDbtInd>CRDT</CdtDbtInd><Dt><Dt>2026-07-08</Dt></Dt></Bal><Bal><Tp><CdOrPrtry><Cd>CLAV</Cd></CdOrPrtry></Tp><Amt Ccy="CHF">507339</Amt><CdtDbtInd>CRDT</CdtDbtInd><Dt><Dt>2026-07-08</Dt></Dt></Bal><TxsSummry><TtlNtries><NbOfNtries>10</NbOfNtries><TtlNetNtry><Amt>7339</Amt><CdtDbtInd>CRDT</CdtDbtInd></TtlNetNtry></TtlNtries></TxsSummry><Ntry><NtryRef>0426257300248014</NtryRef><Amt Ccy="CHF">100</Amt><CdtDbtInd>DBIT</CdtDbtInd><RvslInd>false</RvslInd><Sts><Cd>BOOK</Cd></Sts><BookgDt><Dt>2026-07-08</Dt></BookgDt><ValDt><Dt>2026-07-08</Dt></ValDt><AcctSvcrRef>2208890000003</AcctSvcrRef><BkTxCd><Domn><Cd>PMNT</Cd><Fmly><Cd>ICDT</Cd><SubFmlyCd>DMCT</SubFmlyCd></Fmly></Domn></BkTxCd><NtryDtls><TxDtls><Refs><MsgId>EBICSCLIENT-TEST-0002</MsgId><PmtInfId>PMT-0002</PmtInfId><InstrId>INSTR-0002</InstrId><EndToEndId>E2E-0002</EndToEndId></Refs><Amt Ccy="CHF">100</Amt><CdtDbtInd>DBIT</CdtDbtInd><BkTxCd><Domn><Cd>PMNT</Cd><Fmly><Cd>ICDT</Cd><SubFmlyCd>DMCT</SubFmlyCd></Fmly></Domn></BkTxCd><RltdPties><Dbtr><Pty><Nm>Privatperson</Nm><PstlAdr><StrtNm>Teststrasse</StrtNm><BldgNb>17</BldgNb><PstCd>8000</PstCd><TwnNm>Teststadt</TwnNm><Ctry>CH</Ctry></PstlAdr></Pty></Dbtr><Cdtr><Pty><Nm>Creditor Test GmbH</Nm><PstlAdr><Ctry>CH</Ctry><AdrLine>Bahnhofstrasse 9</AdrLine><AdrLine>8001 Zuerich</AdrLine></PstlAdr></Pty></Cdtr><CdtrAcct><Id><IBAN>CH9300762011623852957</IBAN></Id></CdtrAcct></RltdPties><RltdAgts><CdtrAgt><FinInstnId><BICFI>ZKBKCHZZ80A</BICFI></FinInstnId></CdtrAgt></RltdAgts><RmtInf><Ustrd>ebicsClient test payment 0002</Ustrd></RmtInf></TxDtls></NtryDtls><AddtlNtryInf>Datalink: Creditor Test GmbH, Bahnh</AddtlNtryInf></Ntry><Ntry><NtryRef>13874270929/1XXX</NtryRef><Amt Ccy="CHF">4000</Amt><CdtDbtInd>CRDT</CdtDbtInd><RvslInd>false</RvslInd><Sts><Cd>BOOK</Cd></Sts><BookgDt><Dt>2026-07-08</Dt></BookgDt><ValDt><Dt>2026-07-08</Dt></ValDt><AcctSvcrRef>Z181804978419</AcctSvcrRef><BkTxCd><Domn><Cd>PMNT</Cd><Fmly><Cd>RCDT</Cd><SubFmlyCd>DMCT</SubFmlyCd></Fmly></Domn></BkTxCd><NtryDtls><TxDtls><Refs><AcctSvcrRef>Z181804978419</AcctSvcrRef><PmtInfId>13874270929/1XXX</PmtInfId><EndToEndId>1806291005712227</EndToEndId></Refs><Amt Ccy="CHF">4000</Amt><CdtDbtInd>CRDT</CdtDbtInd><BkTxCd><Domn><Cd>PMNT</Cd><Fmly><Cd>RCDT</Cd><SubFmlyCd>DMCT</SubFmlyCd></Fmly></Domn></BkTxCd><RltdPties><Dbtr><Pty><PstlAdr><AdrLine>Muster AG</AdrLine><AdrLine>Bahnhofstrasse 12</AdrLine><AdrLine>8600 Dübendorf</AdrLine></PstlAdr></Pty></Dbtr></RltdPties><RltdAgts><CdtrAgt><FinInstnId><BICFI>ZKBKCHZZ80A</BICFI></FinInstnId></CdtrAgt></RltdAgts><RmtInf><Ustrd>Rechnungs-Nr. 123456</Ustrd></RmtInf></TxDtls></NtryDtls><AddtlNtryInf>Gutschrift: Auftrags-Nr. Z181804978419</AddtlNtryInf></Ntry><Ntry><NtryRef>2019051700074470</NtryRef><Amt Ccy="CHF">170.8</Amt><CdtDbtInd>CRDT</CdtDbtInd><RvslInd>false</RvslInd><Sts><Cd>BOOK</Cd></Sts><BookgDt><Dt>2026-07-08</Dt></BookgDt><ValDt><Dt>2026-07-08</Dt></ValDt><AcctSvcrRef>SF19051796554045</AcctSvcrRef><BkTxCd><Domn><Cd>PMNT</Cd><Fmly><Cd>RCDT</Cd><SubFmlyCd>XBCT</SubFmlyCd></Fmly></Domn></BkTxCd><AmtDtls><InstdAmt><Amt Ccy="USD">167.51</Amt></InstdAmt><TxAmt><Amt Ccy="USD">167.51</Amt></TxAmt><CntrValAmt><Amt Ccy="CHF">170.8</Amt><CcyXchg><SrcCcy>USD</SrcCcy><TrgtCcy>CHF</TrgtCcy><XchgRate>1.01963</XchgRate></CcyXchg></CntrValAmt></AmtDtls><NtryDtls><TxDtls><Refs><AcctSvcrRef>SF19051796554045</AcctSvcrRef><PmtInfId>2019051700074470</PmtInfId><EndToEndId>EndtoEndID1234567891</EndToEndId></Refs><Amt Ccy="USD">167.51</Amt><CdtDbtInd>CRDT</CdtDbtInd><AmtDtls><InstdAmt><Amt Ccy="USD">167.51</Amt></InstdAmt><TxAmt><Amt Ccy="USD">167.51</Amt></TxAmt></AmtDtls><BkTxCd><Domn><Cd>PMNT</Cd><Fmly><Cd>RCDT</Cd><SubFmlyCd>AUTT</SubFmlyCd></Fmly></Domn></BkTxCd><RltdPties><Dbtr><Pty><PstlAdr><AdrLine>Steve Example</AdrLine><AdrLine>12 Coverstreet</AdrLine><AdrLine>US-98713 L.A.</AdrLine></PstlAdr></Pty></Dbtr></RltdPties><RltdAgts><CdtrAgt><FinInstnId><BICFI>ZKBKCHZZ80A</BICFI></FinInstnId></CdtrAgt></RltdAgts><RmtInf><Ustrd>Invoice 987654.123</Ustrd></RmtInf></TxDtls></NtryDtls></Ntry><Ntry><NtryRef>CB34180624B5H0218179G03461560000008</NtryRef><Amt Ccy="CHF">1075</Amt><CdtDbtInd>CRDT</CdtDbtInd><RvslInd>false</RvslInd><Sts><Cd>BOOK</Cd></Sts><BookgDt><Dt>2026-07-08</Dt></BookgDt><ValDt><Dt>2026-07-08</Dt></ValDt><AcctSvcrRef>Z170044809265</AcctSvcrRef><BkTxCd><Domn><Cd>PMNT</Cd><Fmly><Cd>RCDT</Cd><SubFmlyCd>ESCT</SubFmlyCd></Fmly></Domn></BkTxCd><AmtDtls><TxAmt><Amt Ccy="EUR">1000</Amt></TxAmt><CntrValAmt><Amt Ccy="CHF">1075</Amt><CcyXchg><SrcCcy>EUR</SrcCcy><TrgtCcy>CHF</TrgtCcy><XchgRate>1.075</XchgRate></CcyXchg></CntrValAmt></AmtDtls><NtryDtls><TxDtls><Refs><AcctSvcrRef>SF18062956855668</AcctSvcrRef><PmtInfId>CB34180624B5H0218179G03461560000008</PmtInfId><EndToEndId>EndtoEndID1234567892</EndToEndId></Refs><Amt Ccy="EUR">1000</Amt><CdtDbtInd>CRDT</CdtDbtInd><AmtDtls><TxAmt><Amt Ccy="EUR">1000</Amt></TxAmt></AmtDtls><BkTxCd><Domn><Cd>PMNT</Cd><Fmly><Cd>RCDT</Cd><SubFmlyCd>ESCT</SubFmlyCd></Fmly></Domn></BkTxCd><RltdPties><Dbtr><Pty><PstlAdr><AdrLine>Deutsche Handels GmbH</AdrLine><AdrLine>Lübeckerstrasse 46A</AdrLine><AdrLine>D-10115 Berlin</AdrLine></PstlAdr></Pty></Dbtr></RltdPties><RltdAgts><CdtrAgt><FinInstnId><BICFI>ZKBKCHZZ80A</BICFI></FinInstnId></CdtrAgt></RltdAgts><RmtInf><Ustrd>Faktura Nr. 654135</Ustrd></RmtInf></TxDtls></NtryDtls><AddtlNtryInf>Gutschrift: Auftrags-Nr. Z170044809265 EUR 1000.0, 1.075</AddtlNtryInf></Ntry><Ntry><NtryRef>ZD81179ZD1129480</NtryRef><Amt Ccy="CHF">993</Amt><CdtDbtInd>CRDT</CdtDbtInd><RvslInd>false</RvslInd><Sts><Cd>BOOK</Cd></Sts><BookgDt><Dt>2026-07-08</Dt></BookgDt><ValDt><Dt>2026-07-08</Dt></ValDt><AcctSvcrRef>Z170044809266</AcctSvcrRef><BkTxCd><Domn><Cd>PMNT</Cd><Fmly><Cd>RCDT</Cd><SubFmlyCd>XBCT</SubFmlyCd></Fmly></Domn></BkTxCd><Chrgs><Rcrd><Amt Ccy="CHF">7</Amt></Rcrd></Chrgs><NtryDtls><TxDtls><Refs><AcctSvcrRef>GS18062923988426</AcctSvcrRef><PmtInfId>ZD81179ZD5149480</PmtInfId><EndToEndId>EndtoEndID1234567893</EndToEndId></Refs><Amt Ccy="CHF">993</Amt><CdtDbtInd>CRDT</CdtDbtInd><AmtDtls><InstdAmt><Amt Ccy="CHF">1000</Amt></InstdAmt><TxAmt><Amt Ccy="CHF">993</Amt></TxAmt></AmtDtls><BkTxCd><Domn><Cd>PMNT</Cd><Fmly><Cd>RCDT</Cd><SubFmlyCd>AUTT</SubFmlyCd></Fmly></Domn></BkTxCd><Chrgs><Rcrd><Amt Ccy="CHF">7</Amt><Br>CRED</Br></Rcrd></Chrgs><RltdPties><Dbtr><Pty><PstlAdr><AdrLine>Debtor AG</AdrLine><AdrLine>D-80333 München</AdrLine></PstlAdr></Pty></Dbtr></RltdPties><RltdAgts><CdtrAgt><FinInstnId><BICFI>ZKBKCHZZ80A</BICFI></FinInstnId></CdtrAgt></RltdAgts><RmtInf><Ustrd>Faktura Nr. 9894646121</Ustrd></RmtInf></TxDtls></NtryDtls><AddtlNtryInf>Gutschrift: Auftrags-Nr. Z170044809266</AddtlNtryInf></Ntry><Ntry><Amt Ccy="CHF">745.2</Amt><CdtDbtInd>CRDT</CdtDbtInd><RvslInd>false</RvslInd><Sts><Cd>BOOK</Cd></Sts><BookgDt><Dt>2026-07-08</Dt></BookgDt><ValDt><Dt>2026-07-08</Dt></ValDt><BkTxCd><Domn><Cd>ACMT</Cd><Fmly><Cd>MCOP</Cd><SubFmlyCd>INTR</SubFmlyCd></Fmly></Domn></BkTxCd><AddtlNtryInf>Guthabenzins</AddtlNtryInf></Ntry><Ntry><Amt Ccy="CHF">12</Amt><CdtDbtInd>DBIT</CdtDbtInd><RvslInd>false</RvslInd><Sts><Cd>BOOK</Cd></Sts><BookgDt><Dt>2026-07-08</Dt></BookgDt><ValDt><Dt>2026-07-08</Dt></ValDt><BkTxCd><Domn><Cd>ACMT</Cd><Fmly><Cd>MDOP</Cd><SubFmlyCd>CHRG</SubFmlyCd></Fmly></Domn></BkTxCd><AddtlNtryInf>Gebühr Kontoführung CHF 12.00</AddtlNtryInf></Ntry><Ntry><Amt Ccy="CHF">28</Amt><CdtDbtInd>DBIT</CdtDbtInd><RvslInd>false</RvslInd><Sts><Cd>BOOK</Cd></Sts><BookgDt><Dt>2026-07-08</Dt></BookgDt><ValDt><Dt>2026-07-08</Dt></ValDt><BkTxCd><Domn><Cd>PMNT</Cd><Fmly><Cd>ICDT</Cd><SubFmlyCd>CHRG</SubFmlyCd></Fmly></Domn></BkTxCd><AddtlNtryInf>Preise Zahlungsverkehr</AddtlNtryInf></Ntry><Ntry><Amt Ccy="CHF">250</Amt><CdtDbtInd>DBIT</CdtDbtInd><RvslInd>false</RvslInd><Sts><Cd>BOOK</Cd></Sts><BookgDt><Dt>2026-07-08</Dt></BookgDt><ValDt><Dt>2026-07-08</Dt></ValDt><AcctSvcrRef>Z170044809274</AcctSvcrRef><BkTxCd><Domn><Cd>PMNT</Cd><Fmly><Cd>CCRD</Cd><SubFmlyCd>CWDL</SubFmlyCd></Fmly></Domn></BkTxCd><CardTx><Card><PlainCardData><PAN>73541234</PAN><CardSeqNb>000</CardSeqNb><XpryDt>2019-12</XpryDt></PlainCardData><CardBrnd><Id>20</Id></CardBrnd></Card><POI><Id><Id>Uni Pfistergasse Luzern</Id></Id></POI></CardTx><NtryDtls><TxDtls><Refs><AcctSvcrRef>L11451113OKSZ8T6</AcctSvcrRef></Refs><Amt Ccy="CHF">250</Amt><CdtDbtInd>DBIT</CdtDbtInd></TxDtls></NtryDtls><AddtlNtryInf>Bezug ZKB Maestro Karten-Nr. 73541234, Uni Pfistergasse Luzern, CHF 250</AddtlNtryInf></Ntry><Ntry><NtryRef>900005932658</NtryRef><Amt Ccy="CHF">745</Amt><CdtDbtInd>CRDT</CdtDbtInd><RvslInd>true</RvslInd><Sts><Cd>BOOK</Cd></Sts><BookgDt><Dt>2026-07-08</Dt></BookgDt><ValDt><Dt>2026-07-08</Dt></ValDt><AcctSvcrRef>Z170044809275</AcctSvcrRef><BkTxCd><Domn><Cd>PMNT</Cd><Fmly><Cd>RCDT</Cd><SubFmlyCd>RRTN</SubFmlyCd></Fmly></Domn></BkTxCd><NtryDtls><TxDtls><Refs><AcctSvcrRef>Z170044809275</AcctSvcrRef><PmtInfId>PmtInfId123456-789</PmtInfId><EndToEndId>EndtoEndID1234567902</EndToEndId></Refs><Amt Ccy="CHF">745</Amt><CdtDbtInd>CRDT</CdtDbtInd><BkTxCd><Domn><Cd>PMNT</Cd><Fmly><Cd>RCDT</Cd><SubFmlyCd>DMCT</SubFmlyCd></Fmly></Domn></BkTxCd><RltdPties><Cdtr><Pty><Nm>Test AG</Nm><PstlAdr><AdrLine>Bahnhofstrasse 129</AdrLine><AdrLine>8700 Küsnacht</AdrLine></PstlAdr></Pty></Cdtr></RltdPties><RltdAgts><CdtrAgt><FinInstnId><BICFI>ZKBKCHZZ80A</BICFI></FinInstnId></CdtrAgt></RltdAgts><RmtInf><Ustrd>Rechnungs-Nr. 987654321</Ustrd></RmtInf><RtrInf><Orgtr><Id><OrgId><AnyBIC>UBSWCHZH80A</AnyBIC></OrgId></Id></Orgtr><Rsn><Cd>MS03</Cd></Rsn></RtrInf></TxDtls></NtryDtls><AddtlNtryInf>Gutschrift: Auftrags-Nr. Z182618371234</AddtlNtryInf></Ntry></Stmt></BkToCstmrStmt></Document>
