<?xml version="1.0" encoding="UTF-8"?>
<Document xmlns="urn:iso:std:iso:20022:tech:xsd:camt.052.001.08" xmlns:xsi="http://www.w3.org/2001/XMLSchema-instance" xsi:schemaLocation="urn:iso:std:iso:20022:tech:xsd:camt.052.001.08 camt.052.001.08.xsd"><BkToCstmrAcctRpt><GrpHdr><MsgId>3945731AGHG095204231474</MsgId><CreDtTm>2026-07-06T09:30:00.000Z</CreDtTm><MsgPgntn><PgNb>1</PgNb><LastPgInd>true</LastPgInd></MsgPgntn><AddtlInf>SPS/2.0/TEST</AddtlInf></GrpHdr><Rpt><Id>3945731AGHG095204231474</Id><ElctrncSeqNb>187</ElctrncSeqNb><CreDtTm>2026-07-06T09:30:00.000Z</CreDtTm><Acct><Id><IBAN>CH4200000000000000000</IBAN></Id><Ownr><Nm>Privatperson</Nm><PstlAdr><StrtNm>Teststrasse</StrtNm><BldgNb>17</BldgNb><PstCd>8000</PstCd><TwnNm>Teststadt</TwnNm><Ctry>CH</Ctry></PstlAdr></Ownr><Svcr><FinInstnId><BICFI>ZKBKCHZZ80A</BICFI><Othr><Id>CHE-000.000.000</Id><Issr>VAT-ID</Issr></Othr></FinInstnId></Svcr></Acct><TxsSummry><TtlNtries><NbOfNtries>16</NbOfNtries><TtlNetNtry><Amt>157508.47</Amt><CdtDbtInd>CRDT</CdtDbtInd></TtlNetNtry></TtlNtries></TxsSummry><Ntry><NtryRef>0426333124233826</NtryRef><Amt Ccy="CHF">1596.45</Amt><CdtDbtInd>DBIT</CdtDbtInd><RvslInd>false</RvslInd><Sts><Cd>BOOK</Cd></Sts><BookgDt><Dt>2026-07-06</Dt></BookgDt><ValDt><Dt>2026-07-06</Dt></ValDt><AcctSvcrRef>1999060000003</AcctSvcrRef><BkTxCd><Domn><Cd>PMNT</Cd><Fmly><Cd>ICDT</Cd><SubFmlyCd>AUTT</SubFmlyCd></Fmly></Domn></BkTxCd><NtryDtls><Btch><MsgId>EBICSCLIENT-TEST-0004</MsgId><PmtInfId>PMT-0004</PmtInfId><NbOfTxs>4</NbOfTxs><TtlAmt Ccy="CHF">1596.45</TtlAmt></Btch><TxDtls><Refs><MsgId>EBICSCLIENT-TEST-0004</MsgId><PmtInfId>PMT-0004</PmtInfId><InstrId>INSTR-0004-1</InstrId><EndToEndId>E2E-0004-1</EndToEndId></Refs><Amt Ccy="CHF">100</Amt><CdtDbtInd>DBIT</CdtDbtInd><BkTxCd><Domn><Cd>PMNT</Cd><Fmly><Cd>ICDT</Cd><SubFmlyCd>DMCT</SubFmlyCd></Fmly></Domn></BkTxCd><RltdPties><Dbtr><Pty><Nm>Privatperson</Nm><PstlAdr><StrtNm>Teststrasse</StrtNm><BldgNb>17</BldgNb><PstCd>8000</PstCd><TwnNm>Teststadt</TwnNm><Ctry>CH</Ctry></PstlAdr></Pty></Dbtr><Cdtr><Pty><Nm>Creditor Eins GmbH</Nm><PstlAdr><Ctry>CH</Ctry><AdrLine>Bahnhofstrasse 9</AdrLine><AdrLine>8001 Zuerich</AdrLine></PstlAdr></Pty></Cdtr><CdtrAcct><Id><IBAN>CH9300762011623852957</IBAN></Id></CdtrAcct></RltdPties><RltdAgts><CdtrAgt><FinInstnId><BICFI>ZKBKCHZZ80A</BICFI></FinInstnId></CdtrAgt></RltdAgts><RmtInf><Ustrd>ebicsClient test payment 0004-1</Ustrd></RmtInf></TxDtls><TxDtls><Refs><MsgId>EBICSCLIENT-TEST-0004</MsgId><PmtInfId>PMT-0004</PmtInfId><InstrId>INSTR-0004-2</InstrId><EndToEndId>E2E-0004-2</EndToEndId></Refs><Amt Ccy="CHF">250.5</Amt><CdtDbtInd>DBIT</CdtDbtInd><BkTxCd><Domn><Cd>PMNT</Cd><Fmly><Cd>ICDT</Cd><SubFmlyCd>DMCT</SubFmlyCd></Fmly></Domn></BkTxCd><RltdPties><Dbtr><Pty><Nm>Privatperson</Nm><PstlAdr><StrtNm>Teststrasse</StrtNm><BldgNb>17</BldgNb><PstCd>8000</PstCd><TwnNm>Teststadt</TwnNm><Ctry>CH</Ctry></PstlAdr></Pty></Dbtr><Cdtr><Pty><Nm>Creditor Zwei AG</Nm><PstlAdr><Ctry>CH</Ctry><AdrLine>Musterweg 2</AdrLine><AdrLine>3000 Bern</AdrLine></PstlAdr></Pty></Cdtr><CdtrAcct><Id><IBAN>CH9300762011623852957</IBAN></Id></CdtrAcct></RltdPties><RltdAgts><CdtrAgt><FinInstnId><BICFI>POFICHBEXXX</BICFI></FinInstnId></CdtrAgt></RltdAgts><RmtInf><Ustrd>ebicsClient test payment 0004-2</Ustrd></RmtInf></TxDtls><TxDtls><Refs><MsgId>EBICSCLIENT-TEST-0004</MsgId><PmtInfId>PMT-0004</PmtInfId><InstrId>INSTR-0004-4</InstrId><EndToEndId>E2E-0004-4</EndToEndId></Refs><Amt Ccy="CHF">1200</Amt><CdtDbtInd>DBIT</CdtDbtInd><BkTxCd><Domn><Cd>PMNT</Cd><Fmly><Cd>ICDT</Cd><SubFmlyCd>XBCT</SubFmlyCd></Fmly></Domn></BkTxCd><RltdPties><Dbtr><Pty><Nm>Privatperson</Nm><PstlAdr><StrtNm>Teststrasse</StrtNm><BldgNb>17</BldgNb><PstCd>8000</PstCd><TwnNm>Teststadt</TwnNm><Ctry>CH</Ctry></PstlAdr></Pty></Dbtr><Cdtr><Pty><Nm>Creditor Four Ltd</Nm><PstlAdr><Ctry>GB</Ctry><AdrLine>135 Bishopsgate</AdrLine><AdrLine>London EC2M 3UR</AdrLine></PstlAdr></Pty></Cdtr><CdtrAcct><Id><IBAN>GB29NWBK60161331926819</IBAN></Id></CdtrAcct></RltdPties><RltdAgts><CdtrAgt><FinInstnId><BICFI>NWBKGB2L</BICFI></FinInstnId></CdtrAgt></RltdAgts><RmtInf><Ustrd>ebicsClient test payment 0004-4</Ustrd></RmtInf></TxDtls><TxDtls><Refs><MsgId>EBICSCLIENT-TEST-0004</MsgId><PmtInfId>PMT-0004</PmtInfId><InstrId>INSTR-0004-5</InstrId><EndToEndId>E2E-0004-5</EndToEndId></Refs><Amt Ccy="CHF">45.95</Amt><CdtDbtInd>DBIT</CdtDbtInd><BkTxCd><Domn><Cd>PMNT</Cd><Fmly><Cd>ICDT</Cd><SubFmlyCd>DMCT</SubFmlyCd></Fmly></Domn></BkTxCd><RltdPties><Dbtr><Pty><Nm>Privatperson</Nm><PstlAdr><StrtNm>Teststrasse</StrtNm><BldgNb>17</BldgNb><PstCd>8000</PstCd><TwnNm>Teststadt</TwnNm><Ctry>CH</Ctry></PstlAdr></Pty></Dbtr><Cdtr><Pty><Nm>Creditor Fuenf GmbH</Nm><PstlAdr><Ctry>CH</Ctry><AdrLine>Seestrasse 11</AdrLine><AdrLine>6002 Luzern</AdrLine></PstlAdr></Pty></Cdtr><CdtrAcct><Id><IBAN>CH9300762011623852957</IBAN></Id></CdtrAcct></RltdPties><RltdAgts><CdtrAgt><FinInstnId><BICFI>ZKBKCHZZ80A</BICFI></FinInstnId></CdtrAgt></RltdAgts><RmtInf><Ustrd>ebicsClient test payment 0004-5</Ustrd></RmtInf></TxDtls></NtryDtls><AddtlNtryInf>Datalink (4)</AddtlNtryInf></Ntry><Ntry><NtryRef>13874270929/1XXX</NtryRef><Amt Ccy="CHF">4000</Amt><CdtDbtInd>CRDT</CdtDbtInd><RvslInd>false</RvslInd><Sts><Cd>BOOK</Cd></Sts><BookgDt><Dt>2026-07-06</Dt></BookgDt><ValDt><Dt>2026-07-06</Dt></ValDt><AcctSvcrRef>Z181804978419</AcctSvcrRef><BkTxCd><Domn><Cd>PMNT</Cd><Fmly><Cd>RCDT</Cd><SubFmlyCd>DMCT</SubFmlyCd></Fmly></Domn></BkTxCd><NtryDtls><TxDtls><Refs><AcctSvcrRef>Z181804978419</AcctSvcrRef><PmtInfId>13874270929/1XXX</PmtInfId><EndToEndId>1806291005712227</EndToEndId></Refs><Amt Ccy="CHF">4000</Amt><CdtDbtInd>CRDT</CdtDbtInd><BkTxCd><Domn><Cd>PMNT</Cd><Fmly><Cd>RCDT</Cd><SubFmlyCd>DMCT</SubFmlyCd></Fmly></Domn></BkTxCd><RltdPties><Dbtr><Pty><PstlAdr><AdrLine>Muster AG</AdrLine><AdrLine>Bahnhofstrasse 12</AdrLine><AdrLine>8600 Dübendorf</AdrLine></PstlAdr></Pty></Dbtr></RltdPties><RltdAgts><CdtrAgt><FinInstnId><BICFI>ZKBKCHZZ80A</BICFI></FinInstnId></CdtrAgt></RltdAgts><RmtInf><Ustrd>Rechnungs-Nr. 123456</Ustrd></RmtInf></TxDtls></NtryDtls><AddtlNtryInf>Gutschrift: Auftrags-Nr. Z181804978419</AddtlNtryInf></Ntry><Ntry><NtryRef>2019051700074470</NtryRef><Amt Ccy="CHF">170.8</Amt><CdtDbtInd>CRDT</CdtDbtInd><RvslInd>false</RvslInd><Sts><Cd>BOOK</Cd></Sts><BookgDt><Dt>2026-07-06</Dt></BookgDt><ValDt><Dt>2026-07-06</Dt></ValDt><AcctSvcrRef>SF19051796554045</AcctSvcrRef><BkTxCd><Domn><Cd>PMNT</Cd><Fmly><Cd>RCDT</Cd><SubFmlyCd>XBCT</SubFmlyCd></Fmly></Domn></BkTxCd><AmtDtls><InstdAmt><Amt Ccy="USD">167.51</Amt></InstdAmt><TxAmt><Amt Ccy="USD">167.51</Amt></TxAmt><CntrValAmt><Amt Ccy="CHF">170.8</Amt><CcyXchg><SrcCcy>USD</SrcCcy><TrgtCcy>CHF</TrgtCcy><XchgRate>1.01963</XchgRate></CcyXchg></CntrValAmt></AmtDtls><NtryDtls><TxDtls><Refs><AcctSvcrRef>SF19051796554045</AcctSvcrRef><PmtInfId>2019051700074470</PmtInfId><EndToEndId>EndtoEndID1234567891</EndToEndId></Refs><Amt Ccy="USD">167.51</Amt><CdtDbtInd>CRDT</CdtDbtInd><AmtDtls><InstdAmt><Amt Ccy="USD">167.51</Amt></InstdAmt><TxAmt><Amt Ccy="USD">167.51</Amt></TxAmt></AmtDtls><BkTxCd><Domn><Cd>PMNT</Cd><Fmly><Cd>RCDT</Cd><SubFmlyCd>AUTT</SubFmlyCd></Fmly></Domn></BkTxCd><RltdPties><Dbtr><Pty><PstlAdr><AdrLine>Steve Example</AdrLine><AdrLine>12 Coverstreet</AdrLine><AdrLine>US-98713 L.A.</AdrLine></PstlAdr></Pty></Dbtr></RltdPties><RltdAgts><CdtrAgt><FinInstnId><BICFI>ZKBKCHZZ80A</BICFI></FinInstnId></CdtrAgt></RltdAgts><RmtInf><Ustrd>Invoice 987654.123</Ustrd></RmtInf></TxDtls></NtryDtls></Ntry><Ntry><NtryRef>CB34180624B5H0218179G03461560000008</NtryRef><Amt Ccy="CHF">1075</Amt><CdtDbtInd>CRDT</CdtDbtInd><RvslInd>false</RvslInd><Sts><Cd>BOOK</Cd></Sts><BookgDt><Dt>2026-07-06</Dt></BookgDt><ValDt><Dt>2026-07-06</Dt></ValDt><AcctSvcrRef>Z170044809265</AcctSvcrRef><BkTxCd><Domn><Cd>PMNT</Cd><Fmly><Cd>RCDT</Cd><SubFmlyCd>ESCT</SubFmlyCd></Fmly></Domn></BkTxCd><AmtDtls><TxAmt><Amt Ccy="EUR">1000</Amt></TxAmt><CntrValAmt><Amt Ccy="CHF">1075</Amt><CcyXchg><SrcCcy>EUR</SrcCcy><TrgtCcy>CHF</TrgtCcy><XchgRate>1.075</XchgRate></CcyXchg></CntrValAmt></AmtDtls><NtryDtls><TxDtls><Refs><AcctSvcrRef>SF18062956855668</AcctSvcrRef><PmtInfId>CB34180624B5H0218179G03461560000008</PmtInfId><EndToEndId>EndtoEndID1234567892</EndToEndId></Refs><Amt Ccy="EUR">1000</Amt><CdtDbtInd>CRDT</CdtDbtInd><AmtDtls><TxAmt><Amt Ccy="EUR">1000</Amt></TxAmt></AmtDtls><BkTxCd><Domn><Cd>PMNT</Cd><Fmly><Cd>RCDT</Cd><SubFmlyCd>ESCT</SubFmlyCd></Fmly></Domn></BkTxCd><RltdPties><Dbtr><Pty><PstlAdr><AdrLine>Deutsche Handels GmbH</AdrLine><AdrLine>Lübeckerstrasse 46A</AdrLine><AdrLine>D-10115 Berlin</AdrLine></PstlAdr></Pty></Dbtr></RltdPties><RltdAgts><CdtrAgt><FinInstnId><BICFI>ZKBKCHZZ80A</BICFI></FinInstnId></CdtrAgt></RltdAgts><RmtInf><Ustrd>Faktura Nr. 654135</Ustrd></RmtInf></TxDtls></NtryDtls><AddtlNtryInf>Gutschrift: Auftrags-Nr. Z170044809265 EUR 1000.0, 1.075</AddtlNtryInf></Ntry><Ntry><NtryRef>ZD81179ZD1129480</NtryRef><Amt Ccy="CHF">993</Amt><CdtDbtInd>CRDT</CdtDbtInd><RvslInd>false</RvslInd><Sts><Cd>BOOK</Cd></Sts><BookgDt><Dt>2026-07-06</Dt></BookgDt><ValDt><Dt>2026-07-06</Dt></ValDt><AcctSvcrRef>Z170044809266</AcctSvcrRef><BkTxCd><Domn><Cd>PMNT</Cd><Fmly><Cd>RCDT</Cd><SubFmlyCd>XBCT</SubFmlyCd></Fmly></Domn></BkTxCd><Chrgs><Rcrd><Amt Ccy="CHF">7</Amt></Rcrd></Chrgs><NtryDtls><TxDtls><Refs><AcctSvcrRef>GS18062923988426</AcctSvcrRef><PmtInfId>ZD81179ZD5149480</PmtInfId><EndToEndId>EndtoEndID1234567893</EndToEndId></Refs><Amt Ccy="CHF">993</Amt><CdtDbtInd>CRDT</CdtDbtInd><AmtDtls><InstdAmt><Amt Ccy="CHF">1000</Amt></InstdAmt><TxAmt><Amt Ccy="CHF">993</Amt></TxAmt></AmtDtls><BkTxCd><Domn><Cd>PMNT</Cd><Fmly><Cd>RCDT</Cd><SubFmlyCd>AUTT</SubFmlyCd></Fmly></Domn></BkTxCd><Chrgs><Rcrd><Amt Ccy="CHF">7</Amt><Br>CRED</Br></Rcrd></Chrgs><RltdPties><Dbtr><Pty><PstlAdr><AdrLine>Debtor AG</AdrLine><AdrLine>D-80333 München</AdrLine></PstlAdr></Pty></Dbtr></RltdPties><RltdAgts><CdtrAgt><FinInstnId><BICFI>ZKBKCHZZ80A</BICFI></FinInstnId></CdtrAgt></RltdAgts><RmtInf><Ustrd>Faktura Nr. 9894646121</Ustrd></RmtInf></TxDtls></NtryDtls><AddtlNtryInf>Gutschrift: Auftrags-Nr. Z170044809266</AddtlNtryInf></Ntry><Ntry><Amt Ccy="CHF">745.2</Amt><CdtDbtInd>CRDT</CdtDbtInd><RvslInd>false</RvslInd><Sts><Cd>BOOK</Cd></Sts><BookgDt><Dt>2026-07-06</Dt></BookgDt><ValDt><Dt>2026-07-06</Dt></ValDt><BkTxCd><Domn><Cd>ACMT</Cd><Fmly><Cd>MCOP</Cd><SubFmlyCd>INTR</SubFmlyCd></Fmly></Domn></BkTxCd><AddtlNtryInf>Guthabenzins</AddtlNtryInf></Ntry><Ntry><Amt Ccy="CHF">12</Amt><CdtDbtInd>DBIT</CdtDbtInd><RvslInd>false</RvslInd><Sts><Cd>BOOK</Cd></Sts><BookgDt><Dt>2026-07-06</Dt></BookgDt><ValDt><Dt>2026-07-06</Dt></ValDt><BkTxCd><Domn><Cd>ACMT</Cd><Fmly><Cd>MDOP</Cd><SubFmlyCd>CHRG</SubFmlyCd></Fmly></Domn></BkTxCd><AddtlNtryInf>Gebühr Kontoführung CHF 12.00</AddtlNtryInf></Ntry><Ntry><Amt Ccy="CHF">28</Amt><CdtDbtInd>DBIT</CdtDbtInd><RvslInd>false</RvslInd><Sts><Cd>BOOK</Cd></Sts><BookgDt><Dt>2026-07-06</Dt></BookgDt><ValDt><Dt>2026-07-06</Dt></ValDt><BkTxCd><Domn><Cd>PMNT</Cd><Fmly><Cd>ICDT</Cd><SubFmlyCd>CHRG</SubFmlyCd></Fmly></Domn></BkTxCd><AddtlNtryInf>Preise Zahlungsverkehr</AddtlNtryInf></Ntry><Ntry><Amt Ccy="CHF">250</Amt><CdtDbtInd>DBIT</CdtDbtInd><RvslInd>false</RvslInd><Sts><Cd>BOOK</Cd></Sts><BookgDt><Dt>2026-07-06</Dt></BookgDt><ValDt><Dt>2026-07-06</Dt></ValDt><AcctSvcrRef>Z170044809274</AcctSvcrRef><BkTxCd><Domn><Cd>PMNT</Cd><Fmly><Cd>CCRD</Cd><SubFmlyCd>CWDL</SubFmlyCd></Fmly></Domn></BkTxCd><CardTx><Card><PlainCardData><PAN>73541234</PAN><CardSeqNb>000</CardSeqNb><XpryDt>2019-12</XpryDt></PlainCardData><CardBrnd><Id>20</Id></CardBrnd></Card><POI><Id><Id>Uni Pfistergasse Luzern</Id></Id></POI></CardTx><NtryDtls><TxDtls><Refs><AcctSvcrRef>L11451113OKSZ8T6</AcctSvcrRef></Refs><Amt Ccy="CHF">250</Amt><CdtDbtInd>DBIT</CdtDbtInd></TxDtls></NtryDtls><AddtlNtryInf>Bezug ZKB Maestro Karten-Nr. 73541234, Uni Pfistergasse Luzern, CHF 250</AddtlNtryInf></Ntry><Ntry><NtryRef>900005932658</NtryRef><Amt Ccy="CHF">745</Amt><CdtDbtInd>CRDT</CdtDbtInd><RvslInd>true</RvslInd><Sts><Cd>BOOK</Cd></Sts><BookgDt><Dt>2026-07-06</Dt></BookgDt><ValDt><Dt>2026-07-06</Dt></ValDt><AcctSvcrRef>Z170044809275</AcctSvcrRef><BkTxCd><Domn><Cd>PMNT</Cd><Fmly><Cd>RCDT</Cd><SubFmlyCd>RRTN</SubFmlyCd></Fmly></Domn></BkTxCd><NtryDtls><TxDtls><Refs><AcctSvcrRef>Z170044809275</AcctSvcrRef><PmtInfId>PmtInfId123456-789</PmtInfId><EndToEndId>EndtoEndID1234567902</EndToEndId></Refs><Amt Ccy="CHF">745</Amt><CdtDbtInd>CRDT</CdtDbtInd><BkTxCd><Domn><Cd>PMNT</Cd><Fmly><Cd>RCDT</Cd><SubFmlyCd>DMCT</SubFmlyCd></Fmly></Domn></BkTxCd><RltdPties><Cdtr><Pty><Nm>Test AG</Nm><PstlAdr><AdrLine>Bahnhofstrasse 129</AdrLine><AdrLine>8700 Küsnacht</AdrLine></PstlAdr></Pty></Cdtr></RltdPties><RltdAgts><CdtrAgt><FinInstnId><BICFI>ZKBKCHZZ80A</BICFI></FinInstnId></CdtrAgt></RltdAgts><RmtInf><Ustrd>Rechnungs-Nr. 987654321</Ustrd></RmtInf><RtrInf><Orgtr><Id><OrgId><AnyBIC>UBSWCHZH80A</AnyBIC></OrgId></Id></Orgtr><Rsn><Cd>MS03</Cd></Rsn></RtrInf></TxDtls></NtryDtls><AddtlNtryInf>Gutschrift: Auftrags-Nr. Z182618371234</AddtlNtryInf></Ntry><Ntry><NtryRef>8799</NtryRef><Amt Ccy="CHF">509815</Amt><CdtDbtInd>DBIT</CdtDbtInd><RvslInd>false</RvslInd><Sts><Cd>BOOK</Cd></Sts><BookgDt><Dt>2026-07-06</Dt></BookgDt><ValDt><Dt>2026-07-06</Dt></ValDt><AcctSvcrRef>A1VQD1101111ACV5 1472</AcctSvcrRef><BkTxCd><Domn><Cd>FORX</Cd><Fmly><Cd>SPOT</Cd><SubFmlyCd>OTHR</SubFmlyCd></Fmly></Domn></BkTxCd><AmtDtls><InstdAmt><Amt Ccy="USD">500000</Amt></InstdAmt><CntrValAmt><Amt Ccy="CHF">509815</Amt><CcyXchg><SrcCcy>USD</SrcCcy><TrgtCcy>CHF</TrgtCcy><XchgRate>1.01963</XchgRate></CcyXchg></CntrValAmt></AmtDtls><NtryDtls><TxDtls><Amt Ccy="CHF">509815</Amt><CdtDbtInd>DBIT</CdtDbtInd></TxDtls></NtryDtls><AddtlNtryInf>Devisenkauf USD 500000, Devisenkurs 1.01963 Forex Spot - USD/CHF 25.06.2018 (112277500) , Kontrakt-Nr. 113329100</AddtlNtryInf></Ntry><Ntry><Amt Ccy="CHF">645000</Amt><CdtDbtInd>CRDT</CdtDbtInd><RvslInd>false</RvslInd><Sts><Cd>BOOK</Cd></Sts><BookgDt><Dt>2026-07-06</Dt></BookgDt><ValDt><Dt>2026-07-06</Dt></ValDt><AcctSvcrRef>A1VQD1101111ACV5 102240</AcctSvcrRef><BkTxCd><Domn><Cd>FORX</Cd><Fmly><Cd>OTHR</Cd><SubFmlyCd>OTHR</SubFmlyCd></Fmly></Domn></BkTxCd><AmtDtls><InstdAmt><Amt Ccy="EUR">600000</Amt></InstdAmt><CntrValAmt><Amt Ccy="CHF">645000</Amt><CcyXchg><SrcCcy>EUR</SrcCcy><TrgtCcy>CHF</TrgtCcy><XchgRate>1.075</XchgRate></CcyXchg></CntrValAmt></AmtDtls><NtryDtls><TxDtls><Amt Ccy="CHF">645000</Amt><CdtDbtInd>CRDT</CdtDbtInd></TxDtls></NtryDtls><AddtlNtryInf>Devisenverkauf EUR 600000, Devisenkurs 1.075 Forex Forward Far Leg - EUR/CHF 25.06.2018 (111109500) FXSW.1303732, Kontrakt-Nr. 117709500</AddtlNtryInf></Ntry><Ntry><Amt Ccy="CHF">6852.32</Amt><CdtDbtInd>DBIT</CdtDbtInd><RvslInd>false</RvslInd><Sts><Cd>BOOK</Cd></Sts><BookgDt><Dt>2026-07-06</Dt></BookgDt><ValDt><Dt>2026-07-06</Dt></ValDt><AcctSvcrRef>A1VQX1101111ACX1 9394</AcctSvcrRef><BkTxCd><Domn><Cd>SECU</Cd><Fmly><Cd>SETT</Cd><SubFmlyCd>TRAD</SubFmlyCd></Fmly></Domn></BkTxCd><NtryDtls><TxDtls><Refs><AcctSvcrRef>AVQX000473026231</AcctSvcrRef></Refs><Amt Ccy="CHF">6852.32</Amt><CdtDbtInd>DBIT</CdtDbtInd><FinInstrmId><ISIN>DE0007030009</ISIN><Desc>Akt. Rheinmetall AG</Desc></FinInstrmId></TxDtls></NtryDtls><AddtlNtryInf>Kauf Wertschriften 50.00 Akt. Rheinmetall AG, Valor-Nr. 345850</AddtlNtryInf></Ntry><Ntry><Amt Ccy="CHF">4469.63</Amt><CdtDbtInd>CRDT</CdtDbtInd><RvslInd>false</RvslInd><Sts><Cd>BOOK</Cd></Sts><BookgDt><Dt>2026-07-06</Dt></BookgDt><ValDt><Dt>2026-07-06</Dt></ValDt><AcctSvcrRef>371192934</AcctSvcrRef><BkTxCd><Domn><Cd>SECU</Cd><Fmly><Cd>SETT</Cd><SubFmlyCd>TRAD</SubFmlyCd></Fmly></Domn></BkTxCd><NtryDtls><TxDtls><Refs><AcctSvcrRef>AVQX000795646456</AcctSvcrRef></Refs><Amt Ccy="CHF">4469.63</Amt><CdtDbtInd>CRDT</CdtDbtInd><FinInstrmId><ISIN>FR0000120271</ISIN><Desc>Act. Total SA</Desc></FinInstrmId></TxDtls></NtryDtls><AddtlNtryInf>Verkauf Wertschriften -100.00 Akt. Total SA, Valor-Nr. 524773</AddtlNtryInf></Ntry><Ntry><Amt Ccy="CHF">15104.69</Amt><CdtDbtInd>CRDT</CdtDbtInd><RvslInd>false</RvslInd><Sts><Cd>BOOK</Cd></Sts><BookgDt><Dt>2026-07-06</Dt></BookgDt><ValDt><Dt>2026-07-06</Dt></ValDt><AcctSvcrRef>371105068</AcctSvcrRef><BkTxCd><Domn><Cd>SECU</Cd><Fmly><Cd>CUST</Cd><SubFmlyCd>INTR</SubFmlyCd></Fmly></Domn></BkTxCd><NtryDtls><TxDtls><Refs><AcctSvcrRef>Z170044809272</AcctSvcrRef></Refs><Amt Ccy="CHF">15104.69</Amt><CdtDbtInd>CRDT</CdtDbtInd></TxDtls></NtryDtls><AddtlNtryInf>Dividende, Akt. Rheinmetall AG, Valor-Nr. 345850</AddtlNtryInf></Ntry><Ntry><NtryRef>201806270001936</NtryRef><Amt Ccy="CHF">3758.92</Amt><CdtDbtInd>CRDT</CdtDbtInd><RvslInd>false</RvslInd><Sts><Cd>BOOK</Cd></Sts><BookgDt><Dt>2026-07-06</Dt></BookgDt><ValDt><Dt>2026-07-06</Dt></ValDt><AcctSvcrRef>Z170044809273</AcctSvcrRef><BkTxCd><Domn><Cd>PMNT</Cd><Fmly><Cd>RCDT</Cd><SubFmlyCd>DMCT</SubFmlyCd></Fmly></Domn></BkTxCd><NtryDtls><TxDtls><Refs><AcctSvcrRef>GS18062870067274</AcctSvcrRef><PmtInfId>201806270001936</PmtInfId><EndToEndId>201806270001936</EndToEndId></Refs><Amt Ccy="CHF">3758.92</Amt><CdtDbtInd>CRDT</CdtDbtInd><BkTxCd><Domn><Cd>PMNT</Cd><Fmly><Cd>RCDT</Cd><SubFmlyCd>DMCT</SubFmlyCd></Fmly></Domn></BkTxCd><RltdPties><Dbtr><Pty><PstlAdr><AdrLine>SIX PAYMENT SERVICES AG</AdrLine><AdrLine>8001 ZURICH</AdrLine></PstlAdr></Pty></Dbtr></RltdPties><RltdAgts><CdtrAgt><FinInstnId><BICFI>ZKBKCHZZ80A</BICFI></FinInstnId></CdtrAgt></RltdAgts><RmtInf><Ustrd>ECAMC/   3829.05/NR.0070001446/KOM.    70.13/DAT.27.06.2018/KUNDE AG, Zuerich/Zuerich</Ustrd></RmtInf></TxDtls></NtryDtls><AddtlNtryInf>Gutschrift: Auftrags-Nr. Z170044809273</AddtlNtryInf></Ntry></Rpt></BkToCstmrAcctRpt></Document>
