<?xml version="1.0" encoding="UTF-8"?>
<Document xmlns="urn:iso:std:iso:20022:tech:xsd:camt.054.001.08" xmlns:xsi="http://www.w3.org/2001/XMLSchema-instance" xsi:schemaLocation="urn:iso:std:iso:20022:tech:xsd:camt.054.001.08 camt.054.001.08.xsd"><BkToCstmrDbtCdtNtfctn><GrpHdr><MsgId>3945731AGHG095204231409</MsgId><CreDtTm>2026-07-06T07:52:04.231Z</CreDtTm><MsgPgntn><PgNb>1</PgNb><LastPgInd>true</LastPgInd></MsgPgntn><AddtlInf>SPS/2.0/TEST</AddtlInf></GrpHdr><Ntfctn><Id>3945731AGHG095204231409</Id><CreDtTm>2026-07-06T07:52:04.231Z</CreDtTm><RptgSrc><Prtry>C53C</Prtry></RptgSrc><Acct><Id><IBAN>CH4200000000000000000</IBAN></Id><Ownr><Nm>Privatperson</Nm><PstlAdr><StrtNm>Teststrasse</StrtNm><BldgNb>17</BldgNb><PstCd>8000</PstCd><TwnNm>Teststadt</TwnNm><Ctry>CH</Ctry></PstlAdr></Ownr><Svcr><FinInstnId><BICFI>ZKBKCHZZ80A</BICFI><Othr><Id>CHE-000.000.000</Id><Issr>VAT-ID</Issr></Othr></FinInstnId></Svcr></Acct><Ntry><NtryRef>0426333124232611</NtryRef><Amt Ccy="CHF">1596.45</Amt><CdtDbtInd>DBIT</CdtDbtInd><RvslInd>false</RvslInd><Sts><Cd>BOOK</Cd></Sts><BookgDt><Dt>2026-07-06</Dt></BookgDt><ValDt><Dt>2026-07-06</Dt></ValDt><AcctSvcrRef>1999060000003</AcctSvcrRef><BkTxCd><Domn><Cd>PMNT</Cd><Fmly><Cd>ICDT</Cd><SubFmlyCd>AUTT</SubFmlyCd></Fmly></Domn></BkTxCd><NtryDtls><Btch><MsgId>EBICSCLIENT-TEST-0004</MsgId><PmtInfId>PMT-0004</PmtInfId><NbOfTxs>4</NbOfTxs><TtlAmt Ccy="CHF">1596.45</TtlAmt></Btch><TxDtls><Refs><MsgId>EBICSCLIENT-TEST-0004</MsgId><PmtInfId>PMT-0004</PmtInfId><InstrId>INSTR-0004-1</InstrId><EndToEndId>E2E-0004-1</EndToEndId></Refs><Amt Ccy="CHF">100</Amt><CdtDbtInd>DBIT</CdtDbtInd><BkTxCd><Domn><Cd>PMNT</Cd><Fmly><Cd>ICDT</Cd><SubFmlyCd>DMCT</SubFmlyCd></Fmly></Domn></BkTxCd><RltdPties><Dbtr><Pty><Nm>Privatperson</Nm><PstlAdr><StrtNm>Teststrasse</StrtNm><BldgNb>17</BldgNb><PstCd>8000</PstCd><TwnNm>Teststadt</TwnNm><Ctry>CH</Ctry></PstlAdr></Pty></Dbtr><Cdtr><Pty><Nm>Creditor Eins GmbH</Nm><PstlAdr><Ctry>CH</Ctry><AdrLine>Bahnhofstrasse 9</AdrLine><AdrLine>8001 Zuerich</AdrLine></PstlAdr></Pty></Cdtr><CdtrAcct><Id><IBAN>CH9300762011623852957</IBAN></Id></CdtrAcct></RltdPties><RltdAgts><CdtrAgt><FinInstnId><BICFI>ZKBKCHZZ80A</BICFI></FinInstnId></CdtrAgt></RltdAgts><RmtInf><Ustrd>ebicsClient test payment 0004-1</Ustrd></RmtInf></TxDtls><TxDtls><Refs><MsgId>EBICSCLIENT-TEST-0004</MsgId><PmtInfId>PMT-0004</PmtInfId><InstrId>INSTR-0004-2</InstrId><EndToEndId>E2E-0004-2</EndToEndId></Refs><Amt Ccy="CHF">250.5</Amt><CdtDbtInd>DBIT</CdtDbtInd><BkTxCd><Domn><Cd>PMNT</Cd><Fmly><Cd>ICDT</Cd><SubFmlyCd>DMCT</SubFmlyCd></Fmly></Domn></BkTxCd><RltdPties><Dbtr><Pty><Nm>Privatperson</Nm><PstlAdr><StrtNm>Teststrasse</StrtNm><BldgNb>17</BldgNb><PstCd>8000</PstCd><TwnNm>Teststadt</TwnNm><Ctry>CH</Ctry></PstlAdr></Pty></Dbtr><Cdtr><Pty><Nm>Creditor Zwei AG</Nm><PstlAdr><Ctry>CH</Ctry><AdrLine>Musterweg 2</AdrLine><AdrLine>3000 Bern</AdrLine></PstlAdr></Pty></Cdtr><CdtrAcct><Id><IBAN>CH9300762011623852957</IBAN></Id></CdtrAcct></RltdPties><RltdAgts><CdtrAgt><FinInstnId><BICFI>POFICHBEXXX</BICFI></FinInstnId></CdtrAgt></RltdAgts><RmtInf><Ustrd>ebicsClient test payment 0004-2</Ustrd></RmtInf></TxDtls><TxDtls><Refs><MsgId>EBICSCLIENT-TEST-0004</MsgId><PmtInfId>PMT-0004</PmtInfId><InstrId>INSTR-0004-4</InstrId><EndToEndId>E2E-0004-4</EndToEndId></Refs><Amt Ccy="CHF">1200</Amt><CdtDbtInd>DBIT</CdtDbtInd><BkTxCd><Domn><Cd>PMNT</Cd><Fmly><Cd>ICDT</Cd><SubFmlyCd>XBCT</SubFmlyCd></Fmly></Domn></BkTxCd><RltdPties><Dbtr><Pty><Nm>Privatperson</Nm><PstlAdr><StrtNm>Teststrasse</StrtNm><BldgNb>17</BldgNb><PstCd>8000</PstCd><TwnNm>Teststadt</TwnNm><Ctry>CH</Ctry></PstlAdr></Pty></Dbtr><Cdtr><Pty><Nm>Creditor Four Ltd</Nm><PstlAdr><Ctry>GB</Ctry><AdrLine>135 Bishopsgate</AdrLine><AdrLine>London EC2M 3UR</AdrLine></PstlAdr></Pty></Cdtr><CdtrAcct><Id><IBAN>GB29NWBK60161331926819</IBAN></Id></CdtrAcct></RltdPties><RltdAgts><CdtrAgt><FinInstnId><BICFI>NWBKGB2L</BICFI></FinInstnId></CdtrAgt></RltdAgts><RmtInf><Ustrd>ebicsClient test payment 0004-4</Ustrd></RmtInf></TxDtls><TxDtls><Refs><MsgId>EBICSCLIENT-TEST-0004</MsgId><PmtInfId>PMT-0004</PmtInfId><InstrId>INSTR-0004-5</InstrId><EndToEndId>E2E-0004-5</EndToEndId></Refs><Amt Ccy="CHF">45.95</Amt><CdtDbtInd>DBIT</CdtDbtInd><BkTxCd><Domn><Cd>PMNT</Cd><Fmly><Cd>ICDT</Cd><SubFmlyCd>DMCT</SubFmlyCd></Fmly></Domn></BkTxCd><RltdPties><Dbtr><Pty><Nm>Privatperson</Nm><PstlAdr><StrtNm>Teststrasse</StrtNm><BldgNb>17</BldgNb><PstCd>8000</PstCd><TwnNm>Teststadt</TwnNm><Ctry>CH</Ctry></PstlAdr></Pty></Dbtr><Cdtr><Pty><Nm>Creditor Fuenf GmbH</Nm><PstlAdr><Ctry>CH</Ctry><AdrLine>Seestrasse 11</AdrLine><AdrLine>6002 Luzern</AdrLine></PstlAdr></Pty></Cdtr><CdtrAcct><Id><IBAN>CH9300762011623852957</IBAN></Id></CdtrAcct></RltdPties><RltdAgts><CdtrAgt><FinInstnId><BICFI>ZKBKCHZZ80A</BICFI></FinInstnId></CdtrAgt></RltdAgts><RmtInf><Ustrd>ebicsClient test payment 0004-5</Ustrd></RmtInf></TxDtls></NtryDtls><AddtlNtryInf>Datalink (4)</AddtlNtryInf></Ntry></Ntfctn></BkToCstmrDbtCdtNtfctn></Document>
